<?xml version="1.0" encoding="UTF-8"?>
<collection xmlns:xsi="http://www.w3.org/2001/XMLSchema-instance" xsi:schemaLocation="http://www.loc.gov/MARC21/slim http://www.loc.gov/standards/marcxml/schema/MARC21slim.xsd" xmlns="http://www.loc.gov/MARC21/slim">
<record>
  <leader>02362cam a2200469Ki 4500</leader>
  <controlfield tag="001">3068350</controlfield>
  <controlfield tag="003">NNC</controlfield>
  <controlfield tag="005">20160118123335.0</controlfield>
  <controlfield tag="008">010820s1937    ua       b    000 0 ara d</controlfield>
  <datafield tag="035" ind1=" " ind2=" ">
    <subfield code="9">ATP0797CU</subfield>
  </datafield>
  <datafield tag="035" ind1=" " ind2=" ">
    <subfield code="a">(OCoLC)ocm47807601</subfield>
  </datafield>
  <datafield tag="035" ind1=" " ind2=" ">
    <subfield code="a">(OCoLC)47807601</subfield>
  </datafield>
  <datafield tag="035" ind1=" " ind2=" ">
    <subfield code="a">(NNC)3068350</subfield>
  </datafield>
  <datafield tag="040" ind1=" " ind2=" ">
    <subfield code="a">ZCU</subfield>
    <subfield code="b">eng</subfield>
    <subfield code="c">ZCU</subfield>
    <subfield code="d">OCLCQ</subfield>
    <subfield code="d">OCLCG</subfield>
    <subfield code="d">MEAUC</subfield>
    <subfield code="d">LGG</subfield>
    <subfield code="d">OCLCA</subfield>
    <subfield code="d">OCLCQ</subfield>
    <subfield code="d">OCLCO</subfield>
    <subfield code="d">OCLCF</subfield>
  </datafield>
  <datafield tag="050" ind1=" " ind2="4">
    <subfield code="a">KBP300.S5</subfield>
    <subfield code="b">A355 1937</subfield>
  </datafield>
  <datafield tag="100" ind1="1" ind2=" ">
    <subfield code="6">880-01</subfield>
    <subfield code="a">Shaybānī, Muḥammad ibn al-Ḥasan,</subfield>
    <subfield code="d">approximately 750-804 or 805.</subfield>
  </datafield>
  <datafield tag="245" ind1="1" ind2="3">
    <subfield code="6">880-02</subfield>
    <subfield code="a">al-Jāmiʻ al-kabīr /</subfield>
    <subfield code="c">lil-imām Abī ʻAbd Allāh Muḥammad ibn al-Ḥasan al-Shaybānī ; ʻuniya bi-muqābalat uṣūlihī Abū al-Wafā al-Afghānī.</subfield>
  </datafield>
  <datafield tag="250" ind1=" " ind2=" ">
    <subfield code="6">880-03</subfield>
    <subfield code="a">al-Ṭabʻah 1.</subfield>
  </datafield>
  <datafield tag="260" ind1=" " ind2=" ">
    <subfield code="6">880-04</subfield>
    <subfield code="a">Miṣr :</subfield>
    <subfield code="b">[Maṭbʻat al-Istiqāmah],</subfield>
    <subfield code="c">1356 [1937]</subfield>
  </datafield>
  <datafield tag="300" ind1=" " ind2=" ">
    <subfield code="a">379 pages ;</subfield>
    <subfield code="c">25 cm.</subfield>
  </datafield>
  <datafield tag="336" ind1=" " ind2=" ">
    <subfield code="a">text</subfield>
    <subfield code="b">txt</subfield>
    <subfield code="2">rdacontent</subfield>
  </datafield>
  <datafield tag="337" ind1=" " ind2=" ">
    <subfield code="a">unmediated</subfield>
    <subfield code="b">n</subfield>
    <subfield code="2">rdamedia</subfield>
  </datafield>
  <datafield tag="338" ind1=" " ind2=" ">
    <subfield code="a">volume</subfield>
    <subfield code="b">nc</subfield>
    <subfield code="2">rdacarrier</subfield>
  </datafield>
  <datafield tag="490" ind1="1" ind2=" ">
    <subfield code="6">880-05</subfield>
    <subfield code="a">Silsilat al-Maṭbūʻāt ;</subfield>
    <subfield code="v">4</subfield>
  </datafield>
  <datafield tag="500" ind1=" " ind2=" ">
    <subfield code="a">Ṭubiʻa min al-nuskhah al-rūmīyah bi-Istānbūl wa-qūbila bil-nuskhah al-Tūnkiyah bi-al-Hind wa-mā wujida min nuskhat Dār al-Kutub al-Miṣrīyah.</subfield>
  </datafield>
  <datafield tag="500" ind1=" " ind2=" ">
    <subfield code="a">ʻUniyat bi-nashrih Lajnat Iḥyaʼ al-Maʻārif al-Nuʻmānīyah bi-Ḥaidarābād al-Dakkan bi-al-Hind.</subfield>
  </datafield>
  <datafield tag="500" ind1=" " ind2=" ">
    <subfield code="a">Ashrafa ʻalá ṭabʻihi Raḍwān Muḥammad Raḍwān.</subfield>
  </datafield>
  <datafield tag="504" ind1=" " ind2=" ">
    <subfield code="a">Includes bibliographical references.</subfield>
  </datafield>
  <datafield tag="650" ind1=" " ind2="0">
    <subfield code="a">Islamic law.</subfield>
  </datafield>
  <datafield tag="650" ind1=" " ind2="0">
    <subfield code="a">Hanafites.</subfield>
  </datafield>
  <datafield tag="650" ind1=" " ind2="7">
    <subfield code="a">Hanafites.</subfield>
    <subfield code="2">fast</subfield>
    <subfield code="0">(OCoLC)fst00950818</subfield>
  </datafield>
  <datafield tag="650" ind1=" " ind2="7">
    <subfield code="a">Islamic law.</subfield>
    <subfield code="2">fast</subfield>
    <subfield code="0">(OCoLC)fst00979949</subfield>
  </datafield>
  <datafield tag="700" ind1="1" ind2=" ">
    <subfield code="6">880-06</subfield>
    <subfield code="a">Afghānī, Abū al-Wafā.</subfield>
  </datafield>
  <datafield tag="830" ind1=" " ind2="0">
    <subfield code="6">880-07</subfield>
    <subfield code="a">Silsilat al-maṭbūʻāt ;</subfield>
    <subfield code="v">4.</subfield>
  </datafield>
  <datafield tag="880" ind1="1" ind2=" ">
    <subfield code="6">100-01/r</subfield>
    <subfield code="a">شيباني، محمد بن الحسن،,</subfield>
    <subfield code="d">approximately 750-804 or 805.</subfield>
  </datafield>
  <datafield tag="880" ind1="1" ind2="2">
    <subfield code="6">245-02/r</subfield>
    <subfield code="a">الجامع الكبير /</subfield>
    <subfield code="c">للإمام أبي عبد الله محمد بن الحسن الشيباني ؛ عني بمقابلة أصوله أبو الوفا الأفغاني.</subfield>
  </datafield>
  <datafield tag="880" ind1=" " ind2=" ">
    <subfield code="6">250-03/r</subfield>
    <subfield code="a">الطبعة 1.</subfield>
  </datafield>
  <datafield tag="880" ind1=" " ind2=" ">
    <subfield code="6">260-04/r</subfield>
    <subfield code="a">مصر :</subfield>
    <subfield code="b">[مطبعة الاستقامة]،</subfield>
    <subfield code="c">1356 [1937]</subfield>
  </datafield>
  <datafield tag="880" ind1="1" ind2=" ">
    <subfield code="6">490-05/r</subfield>
    <subfield code="a">سلسلة المطبوعات ؛</subfield>
    <subfield code="v">4</subfield>
  </datafield>
  <datafield tag="880" ind1="1" ind2=" ">
    <subfield code="6">700-06/r</subfield>
    <subfield code="a">أفغاني، أبو الوفا.</subfield>
  </datafield>
  <datafield tag="880" ind1=" " ind2="0">
    <subfield code="6">830-07/r</subfield>
    <subfield code="a">سلسلة المطبوعات ؛ ;</subfield>
    <subfield code="v">4.</subfield>
  </datafield>
  <datafield tag="955" ind1=" " ind2=" ">
    <subfield code="b">0113871765</subfield>
    <subfield code="d">glx</subfield>
    <subfield code="e">893.799 Sh138</subfield>
  </datafield>
</record>
</collection>